<?xml version="1.0" encoding="UTF-8"?><record xmlns="http://www.loc.gov/MARC21/slim" xmlns:cinclude="http://apache.org/cocoon/include/1.0" xmlns:zs="http://www.loc.gov/zing/srw/">
  <leader>00998cz  a2200157n  4500</leader>
  <controlfield tag="001">nb 99163362 </controlfield>
  <controlfield tag="003">DLC</controlfield>
  <controlfield tag="005">20120803080545.0</controlfield>
  <controlfield tag="008">000911n| acannaabn          |n aaa      </controlfield>
  <datafield tag="010" ind1=" " ind2=" ">
    <subfield code="a">nb 99163362 </subfield>
  </datafield>
  <datafield tag="035" ind1=" " ind2=" ">
    <subfield code="a">(OCoLC)oca05310536</subfield>
  </datafield>
  <datafield tag="040" ind1=" " ind2=" ">
    <subfield code="a">Uk</subfield>
    <subfield code="b">eng</subfield>
    <subfield code="c">Uk</subfield>
    <subfield code="d">UkOxU</subfield>
    <subfield code="d">Uk</subfield>
    <subfield code="d">IEN</subfield>
  </datafield>
  <datafield tag="100" ind1="1" ind2=" ">
    <subfield code="a">Sweet, Matthew</subfield>
  </datafield>
  <datafield tag="670" ind1=" " ind2=" ">
    <subfield code="a">The woman in white, 1999:</subfield>
    <subfield code="b">t.p. (Matthew Sweet)</subfield>
  </datafield>
  <datafield tag="670" ind1=" " ind2=" ">
    <subfield code="a">Psychosis and the sensation hero:</subfield>
    <subfield code="b">t.p. (Matthew Sweet, St. Johns' Coll.; D.Phil. thesis, Univ. of Oxford) authors' declaration form (Matthew David Sweet, Fac. of English Lang. and Lit.)</subfield>
  </datafield>
  <datafield tag="670" ind1=" " ind2=" ">
    <subfield code="a">The West End front, 2011:</subfield>
    <subfield code="b">t.p. (Matthew Sweet) jkt. (Matthew Sweet presents Night Waves and Free Thinking on BBC Radio 3 and is the summer presenter of The Film Programme on Radio 4. He is the author of Inventing the Victorians and Shepperton babylon, which he adapted as a film for BBC Four. His TV programmes include Silent Britain, A brief history of fun, The age of excess, Truly madly cheaply and The rules of film noir)</subfield>
  </datafield>
</record>